@inproceedings{odonovan2014,
  title={{Exploratory Font Selection Using Crowdsourced Attributes}},
  author={O'Donovan, Peter and Lieberman, Eric and Zhao, Kang and Fry, Edward and Isenberg, Peter and Hertzmann, Aaron},
  booktitle={Proceedings of the 27th annual ACM symposium on User interface software and technology},
  pages={369--378},
  year={2014},
  organization={ACM}
}

@misc{cho2022,
      title={{Font Representation Learning via Paired-glyph Matching}}, 
      author={Junho Cho and Kyuewang Lee and Jin Young Choi},
      year={2022},
      eprint={2211.10967},
      archivePrefix={arXiv},
      primaryClass={cs.CV},
      url={https://arxiv.org/abs/2211.10967}, 
}

@misc{srivatsan2020,
      title={{A Deep Factorization of Style and Structure in Fonts}}, 
      author={Nikita Srivatsan and Jonathan T. Barron and Dan Klein and Taylor Berg-Kirkpatrick},
      year={2020},
      eprint={1910.00748},
      archivePrefix={arXiv},
      primaryClass={cs.LG},
      url={https://arxiv.org/abs/1910.00748}, 
}

@inbook{rumelhart1986,
	author = {Rumelhart, D. E. and Hinton, G. E. and Williams, R. J.},
	title = {{Learning Internal Representations by Error Propagation}},
	year = {1986},
	isbn = {026268053X},
	publisher = {MIT Press},
	address = {Cambridge, MA, USA},
	booktitle = {Parallel Distributed Processing: Explorations in the Microstructure of Cognition, Vol. 1: Foundations},
	pages = {318–362},
	numpages = {45}
}

@misc{bank2021autoencoders,
      title={{Autoencoders}}, 
      author={Dor Bank and Noam Koenigstein and Raja Giryes},
      year={2021},
      eprint={2003.05991},
      archivePrefix={arXiv},
      primaryClass={cs.LG},
      url={https://arxiv.org/abs/2003.05991}, 
}

@misc{azadi2017,
      title={{Multi-Content GAN for Few-Shot Font Style Transfer}}, 
      author={Samaneh Azadi and Matthew Fisher and Vladimir Kim and Zhaowen Wang and Eli Shechtman and Trevor Darrell},
      year={2017},
      eprint={1712.00516},
      archivePrefix={arXiv},
      primaryClass={cs.CV},
      url={https://arxiv.org/abs/1712.00516}, 
}

@article{kingma2019,
   title={{An Introduction to Variational Autoencoders}},
   volume={12},
   ISSN={1935-8245},
   url={http://dx.doi.org/10.1561/2200000056},
   DOI={10.1561/2200000056},
   number={4},
   journal={Foundations and Trends in Machine Learning},
   publisher={Now Publishers},
   author={Kingma, Diederik P. and Welling, Max},
   year={2019},
   pages={307–392} }

@misc{kingma2013,
      title={{Auto-Encoding Variational Bayes}}, 
      author={Diederik P Kingma and Max Welling},
      year={2013},
      eprint={1312.6114},
      archivePrefix={arXiv},
      primaryClass={stat.ML},
      url={https://arxiv.org/abs/1312.6114}, 
}

@book{cheng2006,
  author    = {Karen Cheng},
  title     = {{Designing Type}},
  year      = {2006},
  publisher = {Yale University Press},
  address   = {New Haven, CT},
  isbn      = {9780300111507}
}

@article{shaikh2006,
  title={Perception of Fonts: Perceived Personality Traits and Uses},
  author={Shaikh, A. Dawn and Chaparro, Barbara S. and Fox, Doug},
  journal={Usability News},
  volume={8},
  number={1},
  month={February},
  year={2006},
  url={https://soma.sbcc.edu/users/russotti/113/personality_Shaikh.pdf}
}

@inproceedings{carlier2020,
  title     = {DeepSVG: A Hierarchical Generative Network for Vector Graphics Animation},
  author    = {Alexandre Carlier and Martin Danelljan and Alexandre Alahi and Radu Timofte},
  booktitle = {Advances in Neural Information Processing Systems},
  volume    = {33},
  pages     = {2262--2273},
  year      = {2020},
  url       = {https://proceedings.neurips.cc/paper/2020/hash/bcf9d6bd14a2095866ce8c950b702341-Abstract.html}
}

@article{lecun1998,
  title={Gradient-based learning applied to document recognition},
  author={LeCun, Yann and Bottou, L{\'e}on and Bengio, Yoshua and Haffner, Patrick},
  journal={Proceedings of the IEEE},
  volume={86},
  number={11},
  pages={2278--2324},
  year={1998},
  publisher={IEEE}
}

@inproceedings{freeman1997,
  author    = {William T. Freeman and Joshua B. Tenenbaum},
  title     = {Learning bilinear models for two-factor problems in vision},
  booktitle = {Proceedings of IEEE Computer Society Conference on Computer Vision and Pattern Recognition},
  pages     = {554--560},
  year      = {1997},
  publisher = {IEEE}
}

@article{tenenbaum2000,
  author  = {Joshua B. Tenenbaum and William T. Freeman},
  title   = {Separating style and content with bilinear models},
  journal = {Neural Computation},
  volume  = {12},
  number  = {6},
  pages   = {1247--1283},
  year    = {2000}
}

@inproceedings{vasilescu2002,
  author    = {M. Alex O. Vasilescu and Demetri Terzopoulos},
  title     = {Multilinear analysis of image ensembles: Tensorfaces},
  booktitle = {European Conference on Computer Vision},
  pages     = {447--460},
  year      = {2002},
  publisher = {Springer}
}

@inproceedings{tang2013,
  author    = {Yichuan Tang and Ruslan Salakhutdinov and Geoffrey Hinton},
  title     = {Tensor analyzers},
  booktitle = {International Conference on Machine Learning},
  pages     = {163--171},
  year      = {2013}
}

@article{ahmed1974,
  author    = {Nasir Ahmed and T. Natarajan and Kamisetty R. Rao},
  title     = {Discrete Cosine Transform},
  journal   = {IEEE Transactions on Computers},
  year      = {1974}
}

@article{vandermaaten2008,
  author  = {Laurens van der Maaten and Geoffrey Hinton},
  title   = {Visualizing Data using t-SNE},
  journal = {Journal of Machine Learning Research},
  volume  = {9},
  pages   = {2579--2605},
  year    = {2008},
  url     = {https://www.jmlr.org/papers/v9/vandermaaten08a.html}
}

@misc{michelucci2022,
      title={An Introduction to Autoencoders}, 
      author={Umberto Michelucci},
      year={2022},
      eprint={2201.03898},
      archivePrefix={arXiv},
      primaryClass={cs.LG},
      url={https://arxiv.org/abs/2201.03898}, 
}