@inproceedings{odonovan2014,
  title={Exploratory font selection using crowdsourced attributes},
  author={O'Donovan, Peter and Lieberman, Eric and Zhao, Kang and Fry, Edward and Isenberg, Peter and Hertzmann, Aaron},
  booktitle={Proceedings of the 27th annual ACM symposium on User interface software and technology},
  pages={369--378},
  year={2014},
  organization={ACM}
}

@misc{cho2022,
      title={Font Representation Learning via Paired-glyph Matching}, 
      author={Junho Cho and Kyuewang Lee and Jin Young Choi},
      year={2022},
      eprint={2211.10967},
      archivePrefix={arXiv},
      primaryClass={cs.CV},
      url={https://arxiv.org/abs/2211.10967}, 
}

@misc{srivatsan2020,
      title={A Deep Factorization of Style and Structure in Fonts}, 
      author={Nikita Srivatsan and Jonathan T. Barron and Dan Klein and Taylor Berg-Kirkpatrick},
      year={2020},
      eprint={1910.00748},
      archivePrefix={arXiv},
      primaryClass={cs.LG},
      url={https://arxiv.org/abs/1910.00748}, 
}

@inbook{rumelhart1986,
	author = {Rumelhart, D. E. and Hinton, G. E. and Williams, R. J.},
	title = {Learning internal representations by error propagation},
	year = {1986},
	isbn = {026268053X},
	publisher = {MIT Press},
	address = {Cambridge, MA, USA},
	booktitle = {Parallel Distributed Processing: Explorations in the Microstructure of Cognition, Vol. 1: Foundations},
	pages = {318â€“362},
	numpages = {45}
}

@misc{bank2021autoencoders,
      title={Autoencoders}, 
      author={Dor Bank and Noam Koenigstein and Raja Giryes},
      year={2021},
      eprint={2003.05991},
      archivePrefix={arXiv},
      primaryClass={cs.LG},
      url={https://arxiv.org/abs/2003.05991}, 
}